<record><leader>00000cas a22000007a 4500</leader><controlfield tag="001">24350333</controlfield><controlfield tag="008">910910d18861889ncuwr ne      0    0eng d</controlfield><datafield ind1=" " ind2=" " tag="010"><subfield code="a">sn 91068312 </subfield></datafield><datafield ind1=" " ind2=" " tag="040"><subfield code="a">NVJ</subfield><subfield code="b">eng</subfield><subfield code="c">NVJ</subfield><subfield code="d">OCLCQ</subfield><subfield code="d">OCLCF</subfield><subfield code="d">OCLCO</subfield></datafield><datafield ind1="1" ind2=" " tag="029"><subfield code="a">AU@</subfield><subfield code="b">000025862650</subfield></datafield><datafield ind1=" " ind2=" " tag="042"><subfield code="a">msc</subfield></datafield><datafield ind1=" " ind2=" " tag="043"><subfield code="a">n-us-nc</subfield></datafield><datafield ind1="0" ind2=" " tag="130"><subfield code="a">Tobacco plant (Durham, N.C.)</subfield></datafield><datafield ind1="1" ind2="4" tag="245"><subfield code="a">The tobacco plant.</subfield></datafield><datafield ind1=" " ind2=" " tag="260"><subfield code="a">Durham, N.C. :</subfield><subfield code="b">W.G. Burkhead</subfield></datafield><datafield ind1=" " ind2=" " tag="300"><subfield code="a">v.</subfield></datafield><datafield ind1=" " ind2=" " tag="310"><subfield code="a">Weekly</subfield></datafield><datafield ind1="0" ind2=" " tag="362"><subfield code="a">Vol. 15, no. 42 (Oct. 20, 1886)-</subfield></datafield><datafield ind1="1" ind2=" " tag="362"><subfield code="a">Ceased in 1889?</subfield></datafield><datafield ind1=" " ind2=" " tag="580"><subfield code="a">Daily ed.: Daily tobacco plant, &lt;1888-1889?&gt;</subfield></datafield><datafield ind1=" " ind2="0" tag="651"><subfield code="a">Durham (N.C.)</subfield><subfield code="v">Newspapers.</subfield></datafield><datafield ind1=" " ind2="0" tag="651"><subfield code="a">Durham County (N.C.)</subfield><subfield code="v">Newspapers.</subfield></datafield><datafield ind1=" " ind2="7" tag="655"><subfield code="a">Newspapers.</subfield><subfield code="2">fast</subfield><subfield code="0">(OCoLC)fst01423814</subfield></datafield><datafield ind1=" " ind2="7" tag="651"><subfield code="a">North Carolina</subfield><subfield code="z">Durham.</subfield><subfield code="2">fast</subfield><subfield code="0">(OCoLC)fst01207378</subfield></datafield><datafield ind1=" " ind2="7" tag="651"><subfield code="a">North Carolina</subfield><subfield code="z">Durham County.</subfield><subfield code="2">fast</subfield><subfield code="0">(OCoLC)fst01218049</subfield></datafield><datafield ind1=" " ind2=" " tag="752"><subfield code="a">United States</subfield><subfield code="b">North Carolina</subfield><subfield code="c">Durham</subfield><subfield code="d">Durham.</subfield></datafield><datafield ind1="1" ind2=" " tag="775"><subfield code="t">Daily tobacco plant</subfield><subfield code="w">(DLC)sn 91068306</subfield></datafield><datafield ind1="0" ind2="0" tag="780"><subfield code="t">Durham tobacco plant</subfield><subfield code="w">(DLC)sn 84026476</subfield></datafield></record>